@article{gu2016deep,
  title={Deep Reinforcement Learning for Robotic Manipulation},
  author={Gu, Shixiang and Holly, Ethan and Lillicrap, Timothy and Levine, Sergey},
  journal={arXiv preprint arXiv:1610.00633},
  year={2016}
}
@article{finn2016deep,
  title={Deep Visual Foresight for Planning Robot Motion},
  author={Finn, Chelsea and Levine, Sergey},
  journal={arXiv preprint arXiv:1610.00696},
  year={2016}
}
@article{yahya2016collective,
  title={Collective Robot Reinforcement Learning with Distributed Asynchronous Guided Policy Search},
  author={Yahya, Ali and Li, Adrian and Kalakrishnan, Mrinal and Chebotar, Yevgen and Levine, Sergey},
  journal={arXiv preprint arXiv:1610.00673},
  year={2016}
}
@article{chebotar2016path,
  title={Path integral guided policy search},
  author={Chebotar, Yevgen and Kalakrishnan, Mrinal and Yahya, Ali and Li, Adrian and Schaal, Stefan and Levine, Sergey},
  journal={arXiv preprint arXiv:1610.00529},
  year={2016}
}
